<record><leader>00000cas a22000007a 4500</leader><controlfield tag="001">10330885</controlfield><controlfield tag="008">840124d18741880txudn ne      0    0eng d</controlfield><datafield ind1=" " ind2=" " tag="010"><subfield code="a">sn 84022276 </subfield></datafield><datafield ind1=" " ind2=" " tag="040"><subfield code="a">NPX</subfield><subfield code="b">eng</subfield><subfield code="c">NPX</subfield><subfield code="d">PPM</subfield><subfield code="d">OCLCQ</subfield></datafield><datafield ind1=" " ind2=" " tag="042"><subfield code="a">msc</subfield></datafield><datafield ind1=" " ind2=" " tag="043"><subfield code="a">n-us-tx</subfield></datafield><datafield ind1="0" ind2="0" tag="245"><subfield code="a">Dallas daily commercial.</subfield></datafield><datafield ind1="1" ind2="3" tag="246"><subfield code="a">Daily commercial</subfield></datafield><datafield ind1=" " ind2=" " tag="260"><subfield code="a">Dallas, Tex. :</subfield><subfield code="b">Geo. A. Cutler,</subfield><subfield code="c">1874-</subfield></datafield><datafield ind1=" " ind2=" " tag="300"><subfield code="a">v. :</subfield><subfield code="b">ill. (chiefly advertisements) ;</subfield><subfield code="c">57 cm.</subfield></datafield><datafield ind1=" " ind2=" " tag="310"><subfield code="a">Daily (except Sun.)</subfield></datafield><datafield ind1="0" ind2=" " tag="362"><subfield code="a">Vol. 1, no. 1 (Feb. 8, 1874)-</subfield></datafield><datafield ind1="1" ind2=" " tag="362"><subfield code="a">Ceased in 1880.</subfield><subfield code="z">Gregory, W. Amer. newspapers.</subfield></datafield><datafield ind1=" " ind2=" " tag="752"><subfield code="a">United States</subfield><subfield code="b">Texas</subfield><subfield code="c">Dallas</subfield><subfield code="d">Dallas.</subfield></datafield></record>